@article{Hanada2014,
author = {Hanada, Yuichiro and Igarashi, Atsushi},
pages = {103--118},
title = {{On Cross-Stage Persistence in Multi-Stage}},
year = {2014}
}

@inproceedings{kiselyov2014design,
  title={The design and implementation of BER MetaOCaml},
  author={Kiselyov, Oleg},
  booktitle={International Symposium on Functional and Logic Programming},
  pages={86--102},
  year={2014},
  organization={Springer}
}


